<?xml version="1.0" encoding="utf-8"?>
<record xmlns="http://www.loc.gov/MARC21/slim" xmlns:xsi="http://www.w3.org/2001/XMLSchema-instance" xsi:schemaLocation="http://www.loc.gov/MARC21/slim http://www.loc.gov/standards/marcxml/schema/MARC21slim.xsd">
	<leader>     nam a22     Mi 4500</leader>
	<controlfield tag="001">542686</controlfield>
	<controlfield tag="003">NjP</controlfield>
	<controlfield tag="006">m        d        </controlfield>
	<controlfield tag="007">cr cn |||m|||a</controlfield>
	<controlfield tag="008">190124muuuu9999ir a    ob    000 0 ara  </controlfield>
	<datafield ind1=" " ind2=" " tag="020">
		<subfield code="z">9789647941938</subfield>
	</datafield>
	<datafield ind1=" " ind2=" " tag="020">
		<subfield code="z">9647941935</subfield>
	</datafield>
	<datafield ind1=" " ind2=" " tag="020">
		<subfield code="z">9789647941969</subfield>
	</datafield>
	<datafield ind1=" " ind2=" " tag="020">
		<subfield code="z">964794196X</subfield>
	</datafield>
	<datafield ind1=" " ind2=" " tag="020">
		<subfield code="z">9789647941976</subfield>
	</datafield>
	<datafield ind1=" " ind2=" " tag="020">
		<subfield code="z">9647941978</subfield>
	</datafield>
	<datafield ind1=" " ind2=" " tag="020">
		<subfield code="z">9786005588033</subfield>
	</datafield>
	<datafield ind1=" " ind2=" " tag="020">
		<subfield code="z">6005588036</subfield>
	</datafield>
	<datafield ind1=" " ind2=" " tag="020">
		<subfield code="z">9786005588040</subfield>
	</datafield>
	<datafield ind1=" " ind2=" " tag="020">
		<subfield code="z">6005588044</subfield>
	</datafield>
	<datafield ind1=" " ind2=" " tag="020">
		<subfield code="z">9786005588057</subfield>
	</datafield>
	<datafield ind1=" " ind2=" " tag="020">
		<subfield code="z">6005588052</subfield>
	</datafield>
	<datafield ind1=" " ind2=" " tag="020">
		<subfield code="z">9786005588071</subfield>
	</datafield>
	<datafield ind1=" " ind2=" " tag="020">
		<subfield code="z">6005588079</subfield>
	</datafield>
	<datafield ind1=" " ind2=" " tag="020">
		<subfield code="z">9786005588101</subfield>
	</datafield>
	<datafield ind1=" " ind2=" " tag="020">
		<subfield code="z">6005588109</subfield>
	</datafield>
	<datafield ind1=" " ind2=" " tag="040">
		<subfield code="a">ZYU</subfield>
		<subfield code="b">ara</subfield>
		<subfield code="e">rda</subfield>
		<subfield code="c">ZYU</subfield>
	</datafield>
	<datafield ind1="0" ind2="0" tag="050">
		<subfield code="a">BP194</subfield>
		<subfield code="b">.F38 2009</subfield>
	</datafield>
	<datafield ind1="1" ind2=" " tag="100">
		<subfield code="6">880-01</subfield>
		<subfield code="a">Fayḍ al-Kāshī, Muḥammad ibn Murtaḍá,</subfield>
		<subfield code="d">1598 or 1599-1680 or 1681.</subfield>
	</datafield>
	<datafield ind1="1" ind2="0" tag="240">
		<subfield code="6">880-02</subfield>
		<subfield code="a">Wāfī</subfield>
	</datafield>
	<datafield ind1="1" ind2="0" tag="245">
		<subfield code="6">880-03</subfield>
		<subfield code="a">Kitāb al-wāfī /</subfield>
		<subfield code="c">lil-muḥaddith Muḥammad Muḥsin al-mushtahir bi-al-Fayḍ al-Kāshānī.</subfield>
	</datafield>
	<datafield ind1=" " ind2=" " tag="250">
		<subfield code="6">880-04</subfield>
		<subfield code="a">al-Ṭabʻah 1.</subfield>
	</datafield>
	<datafield ind1=" " ind2=" " tag="260">
		<subfield code="6">880-05</subfield>
		<subfield code="a">Iṣfahān :</subfield>
		<subfield code="b">Maktabat al-Imām Amīr al-Muʼminīn ʻAlī al-ʻĀmmah :</subfield>
		<subfield code="b">ʻIṭr-i ʻItrat,</subfield>
		<subfield code="c">&lt;1430- [2009-]&gt;</subfield>
	</datafield>
	<datafield ind1=" " ind2=" " tag="300">
		<subfield code="a">online resource (volumes &lt;2, part 2; 3-4; 5, part 1, 3; 8, part 1: in 7&gt;) :</subfield>
		<subfield code="b">illustrations</subfield>
	</datafield>
	<datafield ind1=" " ind2=" " tag="336">
		<subfield code="a">text</subfield>
		<subfield code="2">rdacontent</subfield>
	</datafield>
	<datafield ind1=" " ind2=" " tag="337">
		<subfield code="a">computer</subfield>
		<subfield code="2">rdamedia</subfield>
	</datafield>
	<datafield ind1=" " ind2=" " tag="338">
		<subfield code="a">online resource</subfield>
		<subfield code="2">rdacarrier</subfield>
	</datafield>
	<datafield ind1=" " ind2=" " tag="500">
		<subfield code="a">Part of the Arabic Collections Online (ACO) project, contributed by Princeton University Libraries.</subfield>
	</datafield>
	<datafield ind1=" " ind2=" " tag="504">
		<subfield code="a">Includes bibliographical references.</subfield>
	</datafield>
	<datafield ind1="1" ind2=" " tag="505">
		<subfield code="a">Al-juzʼ 2. al-qism 2. Kitāb al-ḥujjah -- al-juzʼ 3. al-qism 1-2. Kitāb al-īmān wa-al-kufr -- al-juzʼ 4. Kitāb al-ṭahārah wa-al-tazayyun -- al-juzʼ 5. al-qism 1, 3. Kitāb al-ṣalāh wa-al-duʻāʼ wa-al-Qurʼān -- al-juzʼ 8. al-qism 1. Kitāb al-ḥajj wa-al-ʻumrah wa-al-ziyārāt.</subfield>
	</datafield>
	<datafield ind1=" " ind2=" " tag="533">
		<subfield code="a">Electronic reproduction.</subfield>
		<subfield code="b">New York, N.Y. :</subfield>
		<subfield code="c">New York University,</subfield>
		<subfield code="d">2019.</subfield>
		<subfield code="5">NNU</subfield>
	</datafield>
	<datafield ind1=" " ind2="0" tag="650">
		<subfield code="a">Hadith (Shiites)</subfield>
		<subfield code="v">Early works to 1800.</subfield>
	</datafield>
	<datafield ind1=" " ind2="0" tag="650">
		<subfield code="a">Shīʻah</subfield>
		<subfield code="v">Early works to 1800.</subfield>
	</datafield>
	<datafield ind1=" " ind2="7" tag="650">
		<subfield code="a">Hadith (Shiites)</subfield>
		<subfield code="2">fast</subfield>
		<subfield code="0">(OCoLC)fst00950138</subfield>
	</datafield>
	<datafield ind1=" " ind2="7" tag="650">
		<subfield code="a">Shīʻah.</subfield>
		<subfield code="2">fast</subfield>
		<subfield code="0">(OCoLC)fst01117946</subfield>
	</datafield>
	<datafield ind1=" " ind2="7" tag="655">
		<subfield code="a">Early works.</subfield>
		<subfield code="2">fast</subfield>
		<subfield code="0">(OCoLC)fst01411636</subfield>
	</datafield>
	<datafield ind1="2" ind2=" " tag="710">
		<subfield code="a">Princeton University.</subfield>
		<subfield code="b">Library.</subfield>
	</datafield>
	<datafield ind1="0" ind2=" " tag="730">
		<subfield code="a">Arabic Collections Online.</subfield>
	</datafield>
	<datafield ind1="0" ind2="8" tag="776">
		<subfield code="i">Print version:</subfield>
		<subfield code="a">Fayḍ al-Kāshī, Muḥammad ibn Murtaḍá, 1598 or 1599-1680 or 1681.</subfield>
		<subfield code="t">Kitāb al-wāfī</subfield>
		<subfield code="w">(NjP)542686</subfield>
		<subfield code="w">(DLC)  2012368675</subfield>
		<subfield code="w">(OCoLC)25296741</subfield>
		<subfield code="z">9789647941938</subfield>
		<subfield code="z">9647941935</subfield>
		<subfield code="z">9789647941969</subfield>
		<subfield code="z">964794196X</subfield>
		<subfield code="z">9789647941976</subfield>
		<subfield code="z">9647941978</subfield>
		<subfield code="z">9786005588033</subfield>
		<subfield code="z">6005588036</subfield>
		<subfield code="z">9786005588040</subfield>
		<subfield code="z">6005588044</subfield>
		<subfield code="z">9786005588057</subfield>
		<subfield code="z">6005588052</subfield>
		<subfield code="z">9786005588071</subfield>
		<subfield code="z">6005588079</subfield>
		<subfield code="z">9786005588101</subfield>
		<subfield code="z">6005588109</subfield>
	</datafield>
	<datafield ind1="4" ind2="0" tag="856">
		<subfield code="u">http://hdl.handle.net/2333.1/qnk991fx</subfield>
	</datafield>
	<datafield ind1="1" ind2=" " tag="880">
		<subfield code="6">100-01</subfield>
		<subfield code="a">فيض الكاشي، محمد محسن.</subfield>
	</datafield>
	<datafield ind1="1" ind2="0" tag="880">
		<subfield code="6">240-02</subfield>
		<subfield code="a">وافي</subfield>
	</datafield>
	<datafield ind1="1" ind2="0" tag="880">
		<subfield code="6">245-03</subfield>
		<subfield code="a">كتاب الوافي /</subfield>
		<subfield code="c">للمحدث محمد محسن المشتهر بالفيض الكاشاني.</subfield>
	</datafield>
	<datafield ind1=" " ind2=" " tag="880">
		<subfield code="6">250-04</subfield>
		<subfield code="a">الطبعة 1.</subfield>
	</datafield>
	<datafield ind1=" " ind2=" " tag="880">
		<subfield code="6">260-05</subfield>
		<subfield code="a">اصفهان :</subfield>
		<subfield code="b">مکتبة الامام امير المؤمنين على العامة :</subfield>
		<subfield code="b">عطر عترت،</subfield>
		<subfield code="c">&lt;1430- [2009-]&gt;</subfield>
	</datafield>
	<datafield ind1=" " ind2=" " tag="959">
		<subfield code="a">NNU</subfield>
		<subfield code="b">WEB</subfield>
		<subfield code="c">GENI</subfield>
		<subfield code="t">0</subfield>
		<subfield code="m">Electronic access</subfield>
		<subfield code="s">01</subfield>
	</datafield>
	<datafield ind1=" " ind2=" " tag="999">
		<subfield code="i">NjP_542686</subfield>
		<subfield code="o">(OCoLC)ocm25296741 </subfield>
		<subfield code="s">princeton_aco001541:mujallad 2</subfield>
		<subfield code="s">princeton_aco001582:mujallad 1</subfield>
		<subfield code="s">princeton_aco001542:mujallad 3</subfield>
		<subfield code="s">princeton_aco001543:mujallad 4</subfield>
		<subfield code="s">princeton_aco001544:mujallad 5</subfield>
		<subfield code="s">princeton_aco001545:mujallad 6</subfield>
		<subfield code="s">princeton_aco001546:mujallad 7</subfield>
		<subfield code="s">princeton_aco001547:mujallad 8</subfield>
		<subfield code="s">princeton_aco001548:mujallad 9</subfield>
		<subfield code="s">princeton_aco001549:mujallad 10</subfield>
		<subfield code="s">princeton_aco001550:mujallad 11</subfield>
	</datafield>
</record>
